@article{1,
	author = {R. Bar-Ziv, A. Meller, T. Tlusty, E. Moses, J. Stavans, and S. A. Safran},
	title = {Localized Dynamic Light Scattering: Probing Single Particle Dynamics at the Nanoscale},
	journaltitle = {Physical Reviw Letters},
	date = {6 January 1998=7},
	volume = {78},
	issue = {1},
	url = {https://journals.aps.org/prl/abstract/10.1103/PhysRevLett.78.154},
	key = {1}
}

@Article{2,
	author = {Carlos J. Bustamante, Yann R. Chemla, Shixin Liu & Michelle D. Wang },
	title = {Optical tweezers in single-molecule biophysics},
	journal = {Nature Reviews Methods Primer},
	year = {2021},
	key = {2},
}

@Article{3,
	author = {Buchner, Johannes},
	title = {A statistical test for Nested Sampling algorithms},
	journal = {Statistics and Computing},
	year = {2016},
	volume = {26},
	pages = {383-392},
	doi  = {0.1007/s11222-014-9512-y},
}

@Article{4,
	author = { Sunita Ahlawat,*a   Aniket Chowdhury,a   Abha Uppal,a   Nitin Kumara  and  Pradeep Kumar Guptaa   },
	title = {Use of Raman optical tweezers for cell cycle analysis},
	journal = {Analyst},
	year = {2015},
	key = {4},
	volume = {141},
	pages = {1339-1346},
}

@Article{5,
	author = {Wyatt Vigilante, Oscar Lopez, and Jerome Fung },
	title = {Brownian dynamics simulations of sphere clusters in optical tweezers },
	journal = {Optics Express},
	year = {2020},
	volume = {28},
	pages = {36131-36146},
}

@Article{6,
	author = {Michael I.MishchenkoaLarry D.TravisaDaniel W.Mackowskib},
	title = {T-matrix computations of light scattering by nonspherical particles: A review},
	journal = {Light scattering by Non-Spherical Particles},
	year = {1996},
	volume = {55},
	pages = {535-575},
}

@Article{7,
	author = {Jelle Penders, Isaac J. Pence, Conor C. Horgan, Mads S. Bergholt, Christopher S. Wood,
	Adrian Najer, Ulrike Kauscher , Anika Nagelkerke, & Molly M. Stevens},
	title = {Single Particle Automated Raman Trapping
	Analysis},
	journal = {Nature Communications},
	year = {2018},
	volume = {9},
}
