@Misc{Ashkin_1986,
  author = {A. Ashkin and J. M. Dziedzic and J. E. Bjorkholm and Steven Chu},
  title  = {Observation of a single-beam gradient force optical trap for dielectric particles},
  doi    = {10.1887/0750309016/b1142c30},
}

@Article{Leonardo_2008,
  author = {R. Di Leonardo and S. Keen and F. Ianni and J. Leach and M. J. Padgett and G. Ruocco},
  title  = {Hydrodynamic interactions in two dimensions},
  issn   = {1539-3755},
  volume = {78},
  doi    = {10.1103/physreve.78.031406},
}

@Article{Koehler_2011,
  author = {Timothy P. Koehler and Christopher M. Brotherton and Anne M. Grillet},
  title  = {Comparison of interparticle force measurement techniques using optical trapping},
  year   = {2011},
  issn   = {0927-7757},
  pages  = {282-288},
  volume = {384},
  doi    = {10.1016/j.colsurfa.2011.04.004},
}

@Article{Curran_1999,
  author = {Arran Curran and Michael P. Lee and Miles J. Padgett and Jonathan M. Cooper and Roberto Di Leonardo},
  title  = {Partial Synchronization of Stochastic Oscillators through Hydrodynamic Coupling},
  issn   = {0031-9007},
  volume = {108},
  doi    = {10.1103/physrevlett.108.240601},
}

@Article{Atakhorrami_2006,
  author = {M. Atakhorrami and J. I. Sulkowska and K. M. Addas and G. H. Koenderink and J. X. Tang and A. J. Levine and F. C. MacKintosh and C. F. Schmidt},
  title  = {Correlated fluctuations of microparticles in viscoelastic solutions: Quantitative measurement of material properties by microrheology in the presence of optical traps},
  issn   = {1539-3755},
  volume = {73},
  doi    = {10.1103/physreve.73.061501},
}

@Article{Li_2008,
  author = {Martin Li and Jochen Arlt},
  title  = {Trapping multiple particles in single optical tweezers},
  year   = {2008},
  issn   = {0030-4018},
  pages  = {135-140},
  volume = {281},
  doi    = {10.1016/j.optcom.2007.09.032},
}

@Article{Xu_2005,
  author = {Shenghua Xu and Yinmei Li and Liren Lou},
  title  = {Axial optical trapping forces on two particles trapped simultaneously by optical tweezers},
  year   = {2005},
  issn   = {0003-6935},
  pages  = {2667},
  volume = {44},
  doi    = {10.1364/ao.44.002667},
}

@Article{ShengHua_2005,
  author = {Xu Sheng-Hua and Li Yin-Mei and Lou Li-Ren and Sun Zhi-Wei},
  title  = {Computer simulation of the collision frequency of two particles in optical tweezers},
  year   = {2005},
  issn   = {1009-1963},
  pages  = {382-385},
  volume = {14},
  doi    = {10.1088/1009-1963/14/2/028},
}

@Article{Praveen_2016,
  author = {P. Praveen and Yogesha and Shruthi S. Iyengar and Sarbari Bhattacharya and Sharath Ananthamurthy},
  title  = {Two particle tracking and detection in a single Gaussian beam optical trap},
  year   = {2016},
  issn   = {0003-6935},
  pages  = {585},
  volume = {55},
  doi    = {10.1364/ao.55.000585},
}

@Article{Loudet_2014,
  author = {J. -C. Loudet and B. M. Mihiretie and B. Pouligny},
  title  = {Optically driven oscillations of ellipsoidal particles. Part II: Ray-optics calculations},
  year   = {2014},
  issn   = {1292-8941},
  volume = {37},
  doi    = {10.1140/epje/i2014-14125-y},
}

@Article{Cao_2012,
  author = {Yongyin Cao and Alexander B. Stilgoe and Lixue Chen and Timo A. Nieminen and Halina Rubinsztein-Dunlop},
  title  = {Equilibrium orientations and positions of non-spherical particles in optical traps},
  year   = {2012},
  issn   = {1094-4087},
  pages  = {12987},
  volume = {20},
  doi    = {10.1364/oe.20.012987},
}

@Article{Vigilante_2020,
  author    = {Vigilante, Wyatt and Lopez, Oscar and Fung, Jerome},
  journal   = {Optics Express},
  title     = {Brownian dynamics simulations of sphere clusters in optical tweezers},
  year      = {2020},
  issn      = {1094-4087},
  month     = {Nov},
  number    = {24},
  pages     = {36131},
  volume    = {28},
  doi       = {10.1364/oe.409078},
  publisher = {The Optical Society},
}

@Article{I.Mishchenko_1996,
  author  = {Michael I.Mishchenko, Larry D.Travis, Daniel W.Mackowski},
  journal = {Light scattering by Non-Spherical Particles},
  title   = {T-matrix computations of light scattering by nonspherical particles: A review},
  year    = {1996},
  pages   = {535-575},
  volume  = {55},
}

@article{Farsund_1996,
  author       = {Farsund, \O{}. and Felderhof, B. U.},
  title	       = {Force, torque, and absorbed energy for a body of
                  arbitrary shape and constitution in an
                  electromagnetic radiation field},
  journal      = {Physica A},
  year	       = 1996,
  volume       = 227,
  number       = {1–2},
  month	       = {May},
  pages	       = {108–130},
  issn	       = {0378-4371},
  doi	       = {10.1016/0378-4371(96)00009-x},
  publisher    = {Elsevier BV}
}

@Article{Nir_1973,
  author    = {Nir, Avinoam and Acrivos, Andreas},
  journal   = {Journal of Fluid Mechanics},
  title     = {On the creeping motion of two arbitrary-sized touching spheres in a linear shear field},
  year      = {1973},
  issn      = {1469-7645},
  month     = {Jun},
  number    = {2},
  pages     = {209–223},
  volume    = {59},
  doi       = {10.1017/s0022112073001527},
  publisher = {Cambridge University Press (CUP)},
  url       = {http://dx.doi.org/10.1017/S0022112073001527},
}

@Article{Nieminen_2007,
  author = {Timo A. Nieminen and Vincent L. Y. Loke and Alexander B. Stilgoe and Gregor Knöner and Agata M. Brańczyk and Norman R. Heckenberg and Halina Rubinsztein-Dunlop},
  title  = {Optical tweezers computational toolbox},
  year   = {2007},
  issn   = {1464-4258},
  pages  = {S196-S203},
  volume = {9},
  doi    = {10.1088/1464-4258/9/8/s12},
}

@Article{Chetana2022,
  author = {Chetana D and Praveen P and Nagesh B V and Sarbari Bhattacharya and Sharath Ananthamurthy},
  title  = {Laser polarization driven micromanipulation and reorientation dynamics of an asymmetric shaped microscopic biomaterial using optical tweezers},
  year   = {2022},
  issn   = {2040-8978},
  pages  = {094007},
  volume = {24},
  doi    = {10.1088/2040-8986/ac868c},
}

@Article{Mackowski_2011,
  author = {D. W. Mackowski and M. I. Mishchenko},
  title  = {A multiple sphere T-matrix Fortran code for use on parallel computer clusters},
  year   = {2011},
  issn   = {0022-4073},
  pages  = {2182-2192},
  volume = {112},
  doi    = {10.1016/j.jqsrt.2011.02.019},
}

@Comment{jabref-meta: databaseType:bibtex;}
